@misc{link,
  howpublished = {\url{https://en.wikipedia.org/wiki/Fractal_art}}
}